<?xml version="1.0" encoding="UTF-8"?><collection xmlns="http://www.loc.gov/MARC21/slim"><record><leader>00642nam--2200181-i-4500</leader><controlfield tag="001">000048309</controlfield><controlfield tag="002">20161230</controlfield><controlfield tag="005">20161230201046</controlfield><controlfield tag="008">060222s1000------------r-----000-0-eng-d</controlfield><datafield ind1=" " ind2=" " tag="020"><subfield code="a">9028608605</subfield></datafield><datafield ind1=" " ind2=" " tag="040"><subfield code="a">IFIN-HH</subfield></datafield><datafield ind1=" " ind2=" " tag="080"><subfield code="a">535:531(061.3)</subfield></datafield><datafield ind1="1" ind2=" " tag="100"><subfield code="a">Lagarde, Alexis</subfield></datafield><datafield ind1="1" ind2="0" tag="245"><subfield code="a">Optical methods in mechanics of solids</subfield><subfield code="b">Proceedings of the iutam symposium on optical methods in mechanics of solids held at the university of poitiers, france september 10-14 1979</subfield><subfield code="c">Alexis lagarde (ed.)</subfield></datafield><datafield ind1=" " ind2=" " tag="260"><subfield code="a">Rockville, Maryland</subfield><subfield code="b">Sijthoff And Noordhoff</subfield><subfield code="c">1981</subfield></datafield><datafield ind1=" " ind2=" " tag="300"><subfield code="a">XII + 700P</subfield></datafield><datafield ind1=" " ind2=" " tag="852"><subfield code="a">73175</subfield><subfield code="c">539.3</subfield></datafield><datafield ind1=" " ind2=" " tag="CAT"><subfield code="a">Sys</subfield><subfield code="c">20130122</subfield><subfield code="h">134132</subfield></datafield></record></collection>